<record><leader>00000cas a22000007a 4500</leader><controlfield tag="001">21718578</controlfield><controlfield tag="008">900606d19761981ohuwr ne      0    0eng d</controlfield><datafield ind1=" " ind2=" " tag="010"><subfield code="a">sn 90068447 </subfield></datafield><datafield ind1=" " ind2=" " tag="040"><subfield code="a">ONP</subfield><subfield code="b">eng</subfield><subfield code="c">ONP</subfield><subfield code="d">OCLCQ</subfield></datafield><datafield ind1=" " ind2=" " tag="042"><subfield code="a">msc</subfield></datafield><datafield ind1="0" ind2="0" tag="245"><subfield code="a">Englewood Argus.</subfield></datafield><datafield ind1=" " ind2=" " tag="260"><subfield code="a">Englewood, Ohio :</subfield><subfield code="b">Argus-Sentinel Inc.,</subfield><subfield code="c">1976-1981.</subfield></datafield><datafield ind1=" " ind2=" " tag="300"><subfield code="a">v.</subfield></datafield><datafield ind1=" " ind2=" " tag="310"><subfield code="a">Weekly</subfield></datafield><datafield ind1="0" ind2=" " tag="362"><subfield code="a">Vol. 15, no. 14 (May 19, 1976)-v. 19, no. 49 (Jan. 14, 1981).</subfield></datafield><datafield ind1=" " ind2="4" tag="651"><subfield code="a">Englewood (Ohio)</subfield><subfield code="v">Newspapers.</subfield></datafield><datafield ind1=" " ind2="4" tag="651"><subfield code="a">Trotwood (Ohio)</subfield><subfield code="v">Newspapers.</subfield></datafield><datafield ind1=" " ind2="4" tag="651"><subfield code="a">Montgomery County (Ohio)</subfield><subfield code="v">Newspapers.</subfield></datafield><datafield ind1=" " ind2=" " tag="752"><subfield code="a">United States</subfield><subfield code="b">Ohio</subfield><subfield code="d">Montgomery</subfield><subfield code="d">Englewood.</subfield></datafield><datafield ind1="0" ind2="7" tag="785"><subfield code="t">Trotwood sentinel</subfield><subfield code="w">(DLC)sn 88077166</subfield></datafield><datafield ind1="0" ind2="7" tag="785"><subfield code="t">Argus sentinel</subfield><subfield code="w">(DLC)sn 88077167</subfield></datafield><datafield ind1="1" ind2=" " tag="029"><subfield code="a">AU@</subfield><subfield code="b">000025875113</subfield></datafield></record>